@book{numerical_recipes,
author = {Press, William H. and Teukolsky, Saul A. and Vetterling, William T. and Flannery, Brian P.},
title = {Numerical Recipes 3rd Edition: The Art of Scientific Computing},
year = {2007},
isbn = {0521880688},
publisher = {Cambridge University Press},
address = {USA},
edition = {3},
}

@article{cafarelli2012rlc,
  author = {Cafarelli,Pierre  and Champeaux,Jean-Philippe  and Sence,Martine  and Roy,Nicolas },
title = {The RLC system: An invaluable test bench for students},
journal = {American Journal of Physics},
volume = {80},
number = {9},
pages = {789-799},
year = {2012},
doi = {10.1119/1.4726205}
}

@book{fourier,
   title =     {The Fourier Transform and Its Applications},
   author =    {Ronald Bracewell},
   publisher = {McGraw Hill},
   isbn =      {9780073039381,0073039381},
   year =      {2000},
   series =    {McGraw-Hill series in electrical and computer engineering. Circuits and systems},
   edition =   {3rd ed},
   volume =    {},
}

@article{uncertainty,
  title={Uncertainty evaluation of measurement data processing algorithm based on its matrix form},
  author={Konopka, K and Top{\'o}r-Kami{\'n}ski, T},
  journal={Acta Physica Polonica A},
  volume={120},
  number={4},
  pages={666--670},
  year={2011},
  publisher={Institute of Physics, Polish Academy of Science},
  doi={10.12693/APhysPolA.120.666}
}
